<record><leader>00000cas a22000007a 4500</leader><controlfield tag="001">22870881</controlfield><controlfield tag="008">901218d18771888mouwr ne      0    0eng d</controlfield><datafield ind1=" " ind2=" " tag="010"><subfield code="a">sn 90061507 </subfield></datafield><datafield ind1=" " ind2=" " tag="040"><subfield code="a">MQN</subfield><subfield code="b">eng</subfield><subfield code="c">MQN</subfield><subfield code="d">OCLCQ</subfield></datafield><datafield ind1=" " ind2=" " tag="042"><subfield code="a">msc</subfield></datafield><datafield ind1="0" ind2="0" tag="245"><subfield code="a">Sullivan standard.</subfield></datafield><datafield ind1=" " ind2=" " tag="260"><subfield code="a">Milan, Mo. :</subfield><subfield code="b">J.C. Kerby,</subfield><subfield code="c">1877-1888.</subfield></datafield><datafield ind1=" " ind2=" " tag="300"><subfield code="a">v.</subfield></datafield><datafield ind1=" " ind2=" " tag="310"><subfield code="a">Weekly</subfield></datafield><datafield ind1="0" ind2=" " tag="362"><subfield code="a">Vol. 5, no. 50 (Feb. 2, 1877)-v. 17, no. 24 (July 27, 1888).</subfield></datafield><datafield ind1=" " ind2=" " tag="752"><subfield code="a">United States</subfield><subfield code="b">Missouri</subfield><subfield code="c">Sullivan</subfield><subfield code="d">Milan.</subfield></datafield><datafield ind1="0" ind2="0" tag="780"><subfield code="t">Sullivan weekly standard</subfield><subfield code="w">(DLC)sn 87052157</subfield></datafield><datafield ind1="0" ind2="0" tag="785"><subfield code="t">Milan standard (Milan, Mo. : Weekly)</subfield><subfield code="w">(DLC)sn 89066468</subfield></datafield></record>